@book{LewisOPW,
    Address = {Oxford},
    Author = {David Lewis},
    Date-Added = {2009-10-13 11:33:52 -0400},
    Date-Modified = {2009-10-13 11:33:52 -0400},
    Publisher = {Basil Blackwell},
    Read = {Yes},
    Title = {On the Plurality of Worlds},
    Year = {1986}}
